<record><leader>00000cas a22000007a 4500</leader><controlfield tag="001">34838945</controlfield><controlfield tag="008">960531d18601uuumoudr ne      0    0eng d</controlfield><datafield ind1=" " ind2=" " tag="010"><subfield code="a">sn 96062685 </subfield></datafield><datafield ind1=" " ind2=" " tag="040"><subfield code="a">CNK</subfield><subfield code="b">eng</subfield><subfield code="c">CNK</subfield><subfield code="d">OCL</subfield><subfield code="d">OCLCQ</subfield><subfield code="d">OCLCF</subfield><subfield code="d">OCLCO</subfield></datafield><datafield ind1="1" ind2=" " tag="029"><subfield code="a">AU@</subfield><subfield code="b">000012525281</subfield></datafield><datafield ind1=" " ind2=" " tag="042"><subfield code="a">msc</subfield></datafield><datafield ind1=" " ind2=" " tag="043"><subfield code="a">n-us-mo</subfield></datafield><datafield ind1="0" ind2=" " tag="130"><subfield code="a">St. Joseph daily gazette (Saint Joseph, Mo. : Pony Express ed.)</subfield></datafield><datafield ind1="1" ind2="0" tag="245"><subfield code="a">St. Joseph daily gazette.</subfield></datafield><datafield ind1="3" ind2=" " tag="246"><subfield code="a">Saint Joseph daily gazette</subfield></datafield><datafield ind1=" " ind2=" " tag="250"><subfield code="a">Pony Express ed.</subfield></datafield><datafield ind1=" " ind2=" " tag="260"><subfield code="a">St. Josephh [i.e. Saint Joseph], Mo. :</subfield><subfield code="b">[s.n.]</subfield></datafield><datafield ind1=" " ind2=" " tag="300"><subfield code="a">v.</subfield></datafield><datafield ind1=" " ind2=" " tag="310"><subfield code="a">Daily</subfield></datafield><datafield ind1="0" ind2=" " tag="362"><subfield code="a">Apr. 3, 1860-</subfield></datafield><datafield ind1=" " ind2="0" tag="651"><subfield code="a">Saint Joseph (Mo.)</subfield><subfield code="v">Newspapers.</subfield></datafield><datafield ind1=" " ind2="7" tag="655"><subfield code="a">Newspapers.</subfield><subfield code="2">fast</subfield><subfield code="0">(OCoLC)fst01423814</subfield></datafield><datafield ind1=" " ind2="7" tag="651"><subfield code="a">Missouri</subfield><subfield code="z">Saint Joseph.</subfield><subfield code="2">fast</subfield><subfield code="0">(OCoLC)fst01211419</subfield></datafield><datafield ind1=" " ind2=" " tag="752"><subfield code="a">United States</subfield><subfield code="b">Missouri</subfield><subfield code="c">Buchanan</subfield><subfield code="d">Saint Joseph.</subfield></datafield><datafield ind1="0" ind2=" " tag="775"><subfield code="t">Daily Saint Joseph gazette</subfield><subfield code="w">(DLC)sn 93059962</subfield></datafield></record>